\begin{thebibliography}{8}
\bibitem{CR_PDG} http://pdg.lbl.gov/2013/reviews/rpp2013-rev-cosmic-rays.pdf
\bibitem{PDF_PDG} PDF Particle Physics Booklet, July 2012, p. 238
\bibitem{Flusso_int} B. Rastin. An accurate measurement of the sea-level muon spetrum within the range 4 to 3000 GeV/c. \textit{Journal of Physics G: Nuclear and Particle Physics}, 10:1609, Nov 1984
\bibitem{PDG_cosquadro} C. Amsler et al (Particle Data Group). The Review Of Particle Physics. \textit{Physics Letters}, B667(1),2008.
\bibitem{correzione_tempomorto} Lucke, Robert L. (June 1976). "Counting Statistics for Nonnegligible Dead Time Corrections". Rev. Sci. Instrum. 47
\bibitem{Flusso_NPL} http://www.kayelaby.npl.co.uk/general\_physics/2\_7/2\_7\_7.html,  \textit{ National Physical Laboratory }\nolinebreak[4]
\bibitem{PDG_matter} http://pdg.lbl.gov/2006/reviews/passagerpp.pdf, p. 2
\end{thebibliography}
